@inproceedings{Welch1984Anew,
    author = {Jennifer Lundelius-Welch and Nancy Lynch},
    title = {{A New Fault-Tolerant Algorithm for Clock Synchronization}},
    booktitle = {Proc. 3rd ACM Symposium on PODC},
    pages = {75--88},
    month = {August},
    year = {1984}
}

@unpublished{Aceto2004Notes,
    author = {Luca Aceto and Jan Friso Groote and Kim Larsen},
    title = {{Notes on a Uppaal model of the Welch/Lynch clock synchronization protocol}},
    note = {},
    year = {2004}
}

@article{Hendriks2004Adding,
	author = {Martijn Hendriks and Gerd Behrmann and Kim Larsen and Peter Niebert and Frits Vaandrager},
	title = {{Adding Symmetry Reduction to Uppaal}},
	journal = {LNCS},
	volume = {2791},
	pages = {46--59},
	year = {2004}
}
